%YAML 1.1
%TAG !u! tag:unity3d.com,2011:
--- !u!1 &402521662388540175
GameObject:
  m_ObjectHideFlags: 0
  m_CorrespondingSourceObject: {fileID: 0}
  m_PrefabInstance: {fileID: 0}
  m_PrefabAsset: {fileID: 0}
  serializedVersion: 6
  m_Component:
  - component: {fileID: 2692261650427582686}
  - component: {fileID: 4710142373146239815}
  m_Layer: 9
  m_Name: Collisions
  m_TagString: Untagged
  m_Icon: {fileID: 0}
  m_NavMeshLayer: 0
  m_StaticEditorFlags: 0
  m_IsActive: 1
--- !u!4 &2692261650427582686
Transform:
  m_ObjectHideFlags: 0
  m_CorrespondingSourceObject: {fileID: 0}
  m_PrefabInstance: {fileID: 0}
  m_PrefabAsset: {fileID: 0}
  m_GameObject: {fileID: 402521662388540175}
  serializedVersion: 2
  m_LocalRotation: {x: 0, y: 0, z: 0, w: 1}
  m_LocalPosition: {x: 0, y: 0, z: 0}
  m_LocalScale: {x: 1, y: 1, z: 1}
  m_ConstrainProportionsScale: 0
  m_Children: []
  m_Father: {fileID: 4201646589114341967}
  m_LocalEulerAnglesHint: {x: 0, y: 0, z: 0}
--- !u!136 &4710142373146239815
CapsuleCollider:
  m_ObjectHideFlags: 0
  m_CorrespondingSourceObject: {fileID: 0}
  m_PrefabInstance: {fileID: 0}
  m_PrefabAsset: {fileID: 0}
  m_GameObject: {fileID: 402521662388540175}
  m_Material: {fileID: 0}
  m_IncludeLayers:
    serializedVersion: 2
    m_Bits: 0
  m_ExcludeLayers:
    serializedVersion: 2
    m_Bits: 0
  m_LayerOverridePriority: 0
  m_IsTrigger: 1
  m_ProvidesContacts: 0
  m_Enabled: 1
  serializedVersion: 2
  m_Radius: 0.35
  m_Height: 1.92
  m_Direction: 1
  m_Center: {x: 0, y: 0.77, z: 0}
--- !u!1 &651597791012052092
GameObject:
  m_ObjectHideFlags: 0
  m_CorrespondingSourceObject: {fileID: 0}
  m_PrefabInstance: {fileID: 0}
  m_PrefabAsset: {fileID: 0}
  serializedVersion: 6
  m_Component:
  - component: {fileID: 7751686112009671688}
  - component: {fileID: 178974345402557495}
  m_Layer: 9
  m_Name: SeekPlayer
  m_TagString: Untagged
  m_Icon: {fileID: 0}
  m_NavMeshLayer: 0
  m_StaticEditorFlags: 0
  m_IsActive: 1
--- !u!4 &7751686112009671688
Transform:
  m_ObjectHideFlags: 0
  m_CorrespondingSourceObject: {fileID: 0}
  m_PrefabInstance: {fileID: 0}
  m_PrefabAsset: {fileID: 0}
  m_GameObject: {fileID: 651597791012052092}
  serializedVersion: 2
  m_LocalRotation: {x: 0, y: 0, z: 0, w: 1}
  m_LocalPosition: {x: 0, y: 0, z: 0}
  m_LocalScale: {x: 1, y: 1, z: 1}
  m_ConstrainProportionsScale: 0
  m_Children: []
  m_Father: {fileID: 892134001215331935}
  m_LocalEulerAnglesHint: {x: 0, y: 0, z: 0}
--- !u!114 &178974345402557495
MonoBehaviour:
  m_ObjectHideFlags: 0
  m_CorrespondingSourceObject: {fileID: 0}
  m_PrefabInstance: {fileID: 0}
  m_PrefabAsset: {fileID: 0}
  m_GameObject: {fileID: 651597791012052092}
  m_Enabled: 1
  m_EditorHideFlags: 0
  m_Script: {fileID: 11500000, guid: dbbab4e640f3cc241bc6245bf9021dc2, type: 3}
  m_Name: 
  m_EditorClassIdentifier: 
  stateName: SeekPlayer
  stateMachine: {fileID: 7999737206117655600}
  controller: {fileID: 4219385552835735888}
  attackState: Attack
--- !u!1 &1101045285418879217
GameObject:
  m_ObjectHideFlags: 0
  m_CorrespondingSourceObject: {fileID: 0}
  m_PrefabInstance: {fileID: 0}
  m_PrefabAsset: {fileID: 0}
  serializedVersion: 6
  m_Component:
  - component: {fileID: 1149921436163537979}
  - component: {fileID: 1207470232716561518}
  m_Layer: 9
  m_Name: Dead
  m_TagString: Untagged
  m_Icon: {fileID: 0}
  m_NavMeshLayer: 0
  m_StaticEditorFlags: 0
  m_IsActive: 1
--- !u!4 &1149921436163537979
Transform:
  m_ObjectHideFlags: 0
  m_CorrespondingSourceObject: {fileID: 0}
  m_PrefabInstance: {fileID: 0}
  m_PrefabAsset: {fileID: 0}
  m_GameObject: {fileID: 1101045285418879217}
  serializedVersion: 2
  m_LocalRotation: {x: 0, y: 0, z: 0, w: 1}
  m_LocalPosition: {x: 0, y: 0, z: 0}
  m_LocalScale: {x: 1, y: 1, z: 1}
  m_ConstrainProportionsScale: 0
  m_Children: []
  m_Father: {fileID: 892134001215331935}
  m_LocalEulerAnglesHint: {x: 0, y: 0, z: 0}
--- !u!114 &1207470232716561518
MonoBehaviour:
  m_ObjectHideFlags: 0
  m_CorrespondingSourceObject: {fileID: 0}
  m_PrefabInstance: {fileID: 0}
  m_PrefabAsset: {fileID: 0}
  m_GameObject: {fileID: 1101045285418879217}
  m_Enabled: 1
  m_EditorHideFlags: 0
  m_Script: {fileID: 11500000, guid: 40e9cd0082a943541b878d84a01b1012, type: 3}
  m_Name: 
  m_EditorClassIdentifier: 
  stateName: Dead
  stateMachine: {fileID: 7999737206117655600}
  controller: {fileID: 4219385552835735888}
--- !u!1 &1646229155114043535
GameObject:
  m_ObjectHideFlags: 0
  m_CorrespondingSourceObject: {fileID: 0}
  m_PrefabInstance: {fileID: 0}
  m_PrefabAsset: {fileID: 0}
  serializedVersion: 6
  m_Component:
  - component: {fileID: 5639623676730000619}
  m_Layer: 9
  m_Name: Colliders
  m_TagString: Untagged
  m_Icon: {fileID: 0}
  m_NavMeshLayer: 0
  m_StaticEditorFlags: 0
  m_IsActive: 1
--- !u!4 &5639623676730000619
Transform:
  m_ObjectHideFlags: 0
  m_CorrespondingSourceObject: {fileID: 0}
  m_PrefabInstance: {fileID: 0}
  m_PrefabAsset: {fileID: 0}
  m_GameObject: {fileID: 1646229155114043535}
  serializedVersion: 2
  m_LocalRotation: {x: 0, y: 0, z: 0, w: 1}
  m_LocalPosition: {x: 0, y: 0, z: 0}
  m_LocalScale: {x: 1, y: 1, z: 1}
  m_ConstrainProportionsScale: 0
  m_Children:
  - {fileID: 7102706192610826627}
  - {fileID: 6414130958778277052}
  - {fileID: 3501091249620012274}
  m_Father: {fileID: 6810645627196392641}
  m_LocalEulerAnglesHint: {x: 0, y: 0, z: 0}
--- !u!1 &2147758859540978018
GameObject:
  m_ObjectHideFlags: 0
  m_CorrespondingSourceObject: {fileID: 0}
  m_PrefabInstance: {fileID: 0}
  m_PrefabAsset: {fileID: 0}
  serializedVersion: 6
  m_Component:
  - component: {fileID: 8311490746077691922}
  - component: {fileID: 5670954790397407144}
  m_Layer: 9
  m_Name: PeekAttack
  m_TagString: Untagged
  m_Icon: {fileID: 0}
  m_NavMeshLayer: 0
  m_StaticEditorFlags: 0
  m_IsActive: 1
--- !u!4 &8311490746077691922
Transform:
  m_ObjectHideFlags: 0
  m_CorrespondingSourceObject: {fileID: 0}
  m_PrefabInstance: {fileID: 0}
  m_PrefabAsset: {fileID: 0}
  m_GameObject: {fileID: 2147758859540978018}
  serializedVersion: 2
  m_LocalRotation: {x: 0, y: 0, z: 0, w: 1}
  m_LocalPosition: {x: 0, y: 0, z: 0}
  m_LocalScale: {x: 1, y: 1, z: 1}
  m_ConstrainProportionsScale: 0
  m_Children: []
  m_Father: {fileID: 892134001215331935}
  m_LocalEulerAnglesHint: {x: 0, y: 0, z: 0}
--- !u!114 &5670954790397407144
MonoBehaviour:
  m_ObjectHideFlags: 0
  m_CorrespondingSourceObject: {fileID: 0}
  m_PrefabInstance: {fileID: 0}
  m_PrefabAsset: {fileID: 0}
  m_GameObject: {fileID: 2147758859540978018}
  m_Enabled: 1
  m_EditorHideFlags: 0
  m_Script: {fileID: 11500000, guid: ec83784605f6ad64b90ea068f7dc7fdc, type: 3}
  m_Name: 
  m_EditorClassIdentifier: 
  stateName: PeekAttack
  stateMachine: {fileID: 7999737206117655600}
  controller: {fileID: 4219385552835735888}
--- !u!1 &2532659193629637745
GameObject:
  m_ObjectHideFlags: 0
  m_CorrespondingSourceObject: {fileID: 0}
  m_PrefabInstance: {fileID: 0}
  m_PrefabAsset: {fileID: 0}
  serializedVersion: 6
  m_Component:
  - component: {fileID: 6461501491808620063}
  - component: {fileID: 4845946849848374929}
  m_Layer: 9
  m_Name: OnBoat
  m_TagString: Untagged
  m_Icon: {fileID: 0}
  m_NavMeshLayer: 0
  m_StaticEditorFlags: 0
  m_IsActive: 1
--- !u!4 &6461501491808620063
Transform:
  m_ObjectHideFlags: 0
  m_CorrespondingSourceObject: {fileID: 0}
  m_PrefabInstance: {fileID: 0}
  m_PrefabAsset: {fileID: 0}
  m_GameObject: {fileID: 2532659193629637745}
  serializedVersion: 2
  m_LocalRotation: {x: 0, y: 0, z: 0, w: 1}
  m_LocalPosition: {x: 0, y: 0, z: 0}
  m_LocalScale: {x: 1, y: 1, z: 1}
  m_ConstrainProportionsScale: 0
  m_Children: []
  m_Father: {fileID: 892134001215331935}
  m_LocalEulerAnglesHint: {x: 0, y: 0, z: 0}
--- !u!114 &4845946849848374929
MonoBehaviour:
  m_ObjectHideFlags: 0
  m_CorrespondingSourceObject: {fileID: 0}
  m_PrefabInstance: {fileID: 0}
  m_PrefabAsset: {fileID: 0}
  m_GameObject: {fileID: 2532659193629637745}
  m_Enabled: 1
  m_EditorHideFlags: 0
  m_Script: {fileID: 11500000, guid: 99aead8801b44864798a6d3f8299e905, type: 3}
  m_Name: 
  m_EditorClassIdentifier: 
  stateName: OnBoat
  stateMachine: {fileID: 7999737206117655600}
  controller: {fileID: 4219385552835735888}
  boatTransform: {fileID: 0}
  canClimb: 0
  relatedState: ClimbCargo
  offset: {x: 0, y: 0, z: 0}
--- !u!1 &2699534912459853317
GameObject:
  m_ObjectHideFlags: 0
  m_CorrespondingSourceObject: {fileID: 0}
  m_PrefabInstance: {fileID: 0}
  m_PrefabAsset: {fileID: 0}
  serializedVersion: 6
  m_Component:
  - component: {fileID: 4201646589114341967}
  m_Layer: 9
  m_Name: Colliders
  m_TagString: Untagged
  m_Icon: {fileID: 0}
  m_NavMeshLayer: 0
  m_StaticEditorFlags: 0
  m_IsActive: 1
--- !u!4 &4201646589114341967
Transform:
  m_ObjectHideFlags: 0
  m_CorrespondingSourceObject: {fileID: 0}
  m_PrefabInstance: {fileID: 0}
  m_PrefabAsset: {fileID: 0}
  m_GameObject: {fileID: 2699534912459853317}
  serializedVersion: 2
  m_LocalRotation: {x: 0, y: 0, z: 0, w: 1}
  m_LocalPosition: {x: 0, y: 0, z: 0}
  m_LocalScale: {x: 1, y: 1, z: 1}
  m_ConstrainProportionsScale: 0
  m_Children:
  - {fileID: 3264944136052308128}
  - {fileID: 6289440370099355467}
  - {fileID: 2692261650427582686}
  m_Father: {fileID: 6810645627196392641}
  m_LocalEulerAnglesHint: {x: 0, y: 0, z: 0}
--- !u!1 &3343034178994465850
GameObject:
  m_ObjectHideFlags: 0
  m_CorrespondingSourceObject: {fileID: 0}
  m_PrefabInstance: {fileID: 0}
  m_PrefabAsset: {fileID: 0}
  serializedVersion: 6
  m_Component:
  - component: {fileID: 7485701364333984233}
  - component: {fileID: 6024223522833462421}
  m_Layer: 9
  m_Name: ClimbCargo
  m_TagString: Untagged
  m_Icon: {fileID: 0}
  m_NavMeshLayer: 0
  m_StaticEditorFlags: 0
  m_IsActive: 1
--- !u!4 &7485701364333984233
Transform:
  m_ObjectHideFlags: 0
  m_CorrespondingSourceObject: {fileID: 0}
  m_PrefabInstance: {fileID: 0}
  m_PrefabAsset: {fileID: 0}
  m_GameObject: {fileID: 3343034178994465850}
  serializedVersion: 2
  m_LocalRotation: {x: 0, y: 0, z: 0, w: 1}
  m_LocalPosition: {x: 0, y: 0, z: 0}
  m_LocalScale: {x: 1, y: 1, z: 1}
  m_ConstrainProportionsScale: 0
  m_Children: []
  m_Father: {fileID: 892134001215331935}
  m_LocalEulerAnglesHint: {x: 0, y: 0, z: 0}
--- !u!114 &6024223522833462421
MonoBehaviour:
  m_ObjectHideFlags: 0
  m_CorrespondingSourceObject: {fileID: 0}
  m_PrefabInstance: {fileID: 0}
  m_PrefabAsset: {fileID: 0}
  m_GameObject: {fileID: 3343034178994465850}
  m_Enabled: 1
  m_EditorHideFlags: 0
  m_Script: {fileID: 11500000, guid: 2eca5ca9d020d21448c154b9ce056aaf, type: 3}
  m_Name: 
  m_EditorClassIdentifier: 
  stateName: ClimbCargo
  stateMachine: {fileID: 7999737206117655600}
  controller: {fileID: 4219385552835735888}
  boardingPoint: {fileID: 0}
  playerTransform: {fileID: 8420518937721407260}
  climbTime: 1
  relatedState: SeekPlayer
--- !u!1 &3451844414970365611
GameObject:
  m_ObjectHideFlags: 0
  m_CorrespondingSourceObject: {fileID: 0}
  m_PrefabInstance: {fileID: 0}
  m_PrefabAsset: {fileID: 0}
  serializedVersion: 6
  m_Component:
  - component: {fileID: 3264944136052308128}
  - component: {fileID: 2649825505547175087}
  m_Layer: 9
  m_Name: Head
  m_TagString: EnemyHead
  m_Icon: {fileID: 0}
  m_NavMeshLayer: 0
  m_StaticEditorFlags: 0
  m_IsActive: 1
--- !u!4 &3264944136052308128
Transform:
  m_ObjectHideFlags: 0
  m_CorrespondingSourceObject: {fileID: 0}
  m_PrefabInstance: {fileID: 0}
  m_PrefabAsset: {fileID: 0}
  m_GameObject: {fileID: 3451844414970365611}
  serializedVersion: 2
  m_LocalRotation: {x: 0, y: 0, z: 0, w: 1}
  m_LocalPosition: {x: 0, y: 1.645, z: 0}
  m_LocalScale: {x: 1, y: 1, z: 1}
  m_ConstrainProportionsScale: 0
  m_Children: []
  m_Father: {fileID: 4201646589114341967}
  m_LocalEulerAnglesHint: {x: 0, y: 0, z: 0}
--- !u!136 &2649825505547175087
CapsuleCollider:
  m_ObjectHideFlags: 0
  m_CorrespondingSourceObject: {fileID: 0}
  m_PrefabInstance: {fileID: 0}
  m_PrefabAsset: {fileID: 0}
  m_GameObject: {fileID: 3451844414970365611}
  m_Material: {fileID: 0}
  m_IncludeLayers:
    serializedVersion: 2
    m_Bits: 0
  m_ExcludeLayers:
    serializedVersion: 2
    m_Bits: 0
  m_LayerOverridePriority: 0
  m_IsTrigger: 1
  m_ProvidesContacts: 0
  m_Enabled: 1
  serializedVersion: 2
  m_Radius: 0.2
  m_Height: 0.27512577
  m_Direction: 1
  m_Center: {x: 0, y: 0.017437115, z: 0.013920978}
--- !u!1 &3656045660164882771
GameObject:
  m_ObjectHideFlags: 0
  m_CorrespondingSourceObject: {fileID: 0}
  m_PrefabInstance: {fileID: 0}
  m_PrefabAsset: {fileID: 0}
  serializedVersion: 6
  m_Component:
  - component: {fileID: 892134001215331935}
  - component: {fileID: 7999737206117655600}
  m_Layer: 9
  m_Name: StateMachine
  m_TagString: Untagged
  m_Icon: {fileID: 0}
  m_NavMeshLayer: 0
  m_StaticEditorFlags: 0
  m_IsActive: 1
--- !u!4 &892134001215331935
Transform:
  m_ObjectHideFlags: 0
  m_CorrespondingSourceObject: {fileID: 0}
  m_PrefabInstance: {fileID: 0}
  m_PrefabAsset: {fileID: 0}
  m_GameObject: {fileID: 3656045660164882771}
  serializedVersion: 2
  m_LocalRotation: {x: 0, y: 0, z: 0, w: 1}
  m_LocalPosition: {x: 0, y: 0, z: 0}
  m_LocalScale: {x: 1, y: 1, z: 1}
  m_ConstrainProportionsScale: 0
  m_Children:
  - {fileID: 6461501491808620063}
  - {fileID: 7485701364333984233}
  - {fileID: 4245573793503524930}
  - {fileID: 428090744751751114}
  - {fileID: 4524028622853818472}
  - {fileID: 7751686112009671688}
  - {fileID: 3174375318592957730}
  - {fileID: 1817826438376600525}
  - {fileID: 8311490746077691922}
  - {fileID: 8941338544627066509}
  - {fileID: 1149921436163537979}
  m_Father: {fileID: 8420518937721407260}
  m_LocalEulerAnglesHint: {x: 0, y: 0, z: 0}
--- !u!114 &7999737206117655600
MonoBehaviour:
  m_ObjectHideFlags: 0
  m_CorrespondingSourceObject: {fileID: 0}
  m_PrefabInstance: {fileID: 0}
  m_PrefabAsset: {fileID: 0}
  m_GameObject: {fileID: 3656045660164882771}
  m_Enabled: 1
  m_EditorHideFlags: 0
  m_Script: {fileID: 11500000, guid: b96a6b4de2350c640b475c463aefba13, type: 3}
  m_Name: 
  m_EditorClassIdentifier: 
  states:
  - {fileID: 4845946849848374929}
  - {fileID: 6024223522833462421}
  - {fileID: 5023604022202372810}
  - {fileID: 178974345402557495}
  - {fileID: 6787050911911967809}
  _currentState: {fileID: 0}
--- !u!1 &3735500159004816726
GameObject:
  m_ObjectHideFlags: 0
  m_CorrespondingSourceObject: {fileID: 0}
  m_PrefabInstance: {fileID: 0}
  m_PrefabAsset: {fileID: 0}
  serializedVersion: 6
  m_Component:
  - component: {fileID: 5502027840779541628}
  - component: {fileID: 1974876956132996382}
  m_Layer: 9
  m_Name: AudioSource
  m_TagString: Untagged
  m_Icon: {fileID: 0}
  m_NavMeshLayer: 0
  m_StaticEditorFlags: 0
  m_IsActive: 1
--- !u!4 &5502027840779541628
Transform:
  m_ObjectHideFlags: 0
  m_CorrespondingSourceObject: {fileID: 0}
  m_PrefabInstance: {fileID: 0}
  m_PrefabAsset: {fileID: 0}
  m_GameObject: {fileID: 3735500159004816726}
  serializedVersion: 2
  m_LocalRotation: {x: 0, y: 0, z: 0, w: 1}
  m_LocalPosition: {x: 0, y: 0.94, z: 0}
  m_LocalScale: {x: 1, y: 1, z: 1}
  m_ConstrainProportionsScale: 0
  m_Children: []
  m_Father: {fileID: 6810645627196392641}
  m_LocalEulerAnglesHint: {x: 0, y: 0, z: 0}
--- !u!82 &1974876956132996382
AudioSource:
  m_ObjectHideFlags: 0
  m_CorrespondingSourceObject: {fileID: 0}
  m_PrefabInstance: {fileID: 0}
  m_PrefabAsset: {fileID: 0}
  m_GameObject: {fileID: 3735500159004816726}
  m_Enabled: 1
  serializedVersion: 4
  OutputAudioMixerGroup: {fileID: 0}
  m_audioClip: {fileID: 0}
  m_PlayOnAwake: 1
  m_Volume: 1
  m_Pitch: 1
  Loop: 0
  Mute: 0
  Spatialize: 0
  SpatializePostEffects: 0
  Priority: 80
  DopplerLevel: 1
  MinDistance: 10
  MaxDistance: 26
  Pan2D: 0
  rolloffMode: 0
  BypassEffects: 0
  BypassListenerEffects: 0
  BypassReverbZones: 0
  rolloffCustomCurve:
    serializedVersion: 2
    m_Curve:
    - serializedVersion: 3
      time: 0
      value: 1
      inSlope: 0
      outSlope: 0
      tangentMode: 0
      weightedMode: 0
      inWeight: 0.33333334
      outWeight: 0.33333334
    - serializedVersion: 3
      time: 1
      value: 0
      inSlope: 0
      outSlope: 0
      tangentMode: 0
      weightedMode: 0
      inWeight: 0.33333334
      outWeight: 0.33333334
    m_PreInfinity: 2
    m_PostInfinity: 2
    m_RotationOrder: 4
  panLevelCustomCurve:
    serializedVersion: 2
    m_Curve:
    - serializedVersion: 3
      time: 0
      value: 0.66
      inSlope: 0
      outSlope: 0
      tangentMode: 0
      weightedMode: 0
      inWeight: 0.33333334
      outWeight: 0.33333334
    m_PreInfinity: 2
    m_PostInfinity: 2
    m_RotationOrder: 4
  spreadCustomCurve:
    serializedVersion: 2
    m_Curve:
    - serializedVersion: 3
      time: 0
      value: 0
      inSlope: 0
      outSlope: 0
      tangentMode: 0
      weightedMode: 0
      inWeight: 0.33333334
      outWeight: 0.33333334
    m_PreInfinity: 2
    m_PostInfinity: 2
    m_RotationOrder: 4
  reverbZoneMixCustomCurve:
    serializedVersion: 2
    m_Curve:
    - serializedVersion: 3
      time: 0
      value: 1
      inSlope: 0
      outSlope: 0
      tangentMode: 0
      weightedMode: 0
      inWeight: 0.33333334
      outWeight: 0.33333334
    m_PreInfinity: 2
    m_PostInfinity: 2
    m_RotationOrder: 4
--- !u!1 &4251125100707173251
GameObject:
  m_ObjectHideFlags: 0
  m_CorrespondingSourceObject: {fileID: 0}
  m_PrefabInstance: {fileID: 0}
  m_PrefabAsset: {fileID: 0}
  serializedVersion: 6
  m_Component:
  - component: {fileID: 8420518937721407260}
  - component: {fileID: 4219385552835735888}
  - component: {fileID: 7626367373036123082}
  - component: {fileID: 1142093470524762874}
  - component: {fileID: 2128642730721569923}
  - component: {fileID: 4686084452961716019}
  - component: {fileID: 1422732911453845401}
  m_Layer: 9
  m_Name: EnemyBaseCC
  m_TagString: Untagged
  m_Icon: {fileID: 0}
  m_NavMeshLayer: 0
  m_StaticEditorFlags: 0
  m_IsActive: 1
--- !u!4 &8420518937721407260
Transform:
  m_ObjectHideFlags: 0
  m_CorrespondingSourceObject: {fileID: 0}
  m_PrefabInstance: {fileID: 0}
  m_PrefabAsset: {fileID: 0}
  m_GameObject: {fileID: 4251125100707173251}
  serializedVersion: 2
  m_LocalRotation: {x: 0, y: 0, z: 0, w: 1}
  m_LocalPosition: {x: 4.07, y: 7.87, z: 40.69}
  m_LocalScale: {x: 1, y: 1, z: 1}
  m_ConstrainProportionsScale: 0
  m_Children:
  - {fileID: 892134001215331935}
  - {fileID: 6810645627196392641}
  - {fileID: 8355715823577091049}
  m_Father: {fileID: 0}
  m_LocalEulerAnglesHint: {x: 0, y: 0, z: 0}
--- !u!114 &4219385552835735888
MonoBehaviour:
  m_ObjectHideFlags: 0
  m_CorrespondingSourceObject: {fileID: 0}
  m_PrefabInstance: {fileID: 0}
  m_PrefabAsset: {fileID: 0}
  m_GameObject: {fileID: 4251125100707173251}
  m_Enabled: 1
  m_EditorHideFlags: 0
  m_Script: {fileID: 11500000, guid: 5a9664f26b17594439d871250cc02ae1, type: 3}
  m_Name: 
  m_EditorClassIdentifier: 
  motor: {fileID: 7626367373036123082}
  shootingSystem: {fileID: 1142093470524762874}
  stateMachine: {fileID: 7999737206117655600}
  animator: {fileID: 0}
  playerDetectionSphere: {fileID: 1422732911453845401}
  enemyHealth: 100
  enemyArmor: 20
  playerDetectionRadius: 10.3
  covers: []
  overlapCenter: {fileID: 8355715823577091049}
  overlapSize: {x: 0.45, y: 0.33, z: 0.51}
  detectionLayer:
    serializedVersion: 2
    m_Bits: 2048
  _enemyOnDeck: 0
  _currentHealth: 0
  _playerInRange: 0
  _isDead: 0
--- !u!114 &7626367373036123082
MonoBehaviour:
  m_ObjectHideFlags: 0
  m_CorrespondingSourceObject: {fileID: 0}
  m_PrefabInstance: {fileID: 0}
  m_PrefabAsset: {fileID: 0}
  m_GameObject: {fileID: 4251125100707173251}
  m_Enabled: 1
  m_EditorHideFlags: 0
  m_Script: {fileID: 11500000, guid: f1288f9eec3882949a0dd1af786762d1, type: 3}
  m_Name: 
  m_EditorClassIdentifier: 
  rb: {fileID: 4686084452961716019}
  seeker: {fileID: 2128642730721569923}
  movementEnabled: 0
  moveSpeed: 3
  rotationSpeed: 5
  updateRate: 0.5
  waypointChangeDistance: 5
  pathAlmostFinishedThreshold: 10
  canUpdatePath: 1
  target: {fileID: 0}
  _pathAlmostFinished: 0
--- !u!114 &1142093470524762874
MonoBehaviour:
  m_ObjectHideFlags: 0
  m_CorrespondingSourceObject: {fileID: 0}
  m_PrefabInstance: {fileID: 0}
  m_PrefabAsset: {fileID: 0}
  m_GameObject: {fileID: 4251125100707173251}
  m_Enabled: 1
  m_EditorHideFlags: 0
  m_Script: {fileID: 11500000, guid: 57029ed533da1634c9d04e390609315a, type: 3}
  m_Name: 
  m_EditorClassIdentifier: 
  enemyGun: {fileID: 2169393340235571552}
  burstTime: 5
  burstCoolDown: 2
  _canShoot: 1
--- !u!114 &2128642730721569923
MonoBehaviour:
  m_ObjectHideFlags: 0
  m_CorrespondingSourceObject: {fileID: 0}
  m_PrefabInstance: {fileID: 0}
  m_PrefabAsset: {fileID: 0}
  m_GameObject: {fileID: 4251125100707173251}
  m_Enabled: 1
  m_EditorHideFlags: 0
  m_Script: {fileID: 11500000, guid: 373b52eb9bf8c40f785bb6947a1aee66, type: 3}
  m_Name: 
  m_EditorClassIdentifier: 
  version: 1
  drawGizmos: 1
  detailedGizmos: 0
  startEndModifier:
    addPoints: 0
    exactStartPoint: 3
    exactEndPoint: 3
    useRaycasting: 0
    mask:
      serializedVersion: 2
      m_Bits: 4294967295
    useGraphRaycasting: 0
  traversableTags: -1
  tagPenalties: 0000000000000000000000000000000000000000000000000000000000000000000000000000000000000000000000000000000000000000000000000000000000000000000000000000000000000000000000000000000000000000000000000000000000000000000000000000000000000000000000000000000000000000
  graphMask:
    value: -1
--- !u!54 &4686084452961716019
Rigidbody:
  m_ObjectHideFlags: 0
  m_CorrespondingSourceObject: {fileID: 0}
  m_PrefabInstance: {fileID: 0}
  m_PrefabAsset: {fileID: 0}
  m_GameObject: {fileID: 4251125100707173251}
  serializedVersion: 4
  m_Mass: 1
  m_Drag: 0
  m_AngularDrag: 0.05
  m_CenterOfMass: {x: 0, y: 0, z: 0}
  m_InertiaTensor: {x: 1, y: 1, z: 1}
  m_InertiaRotation: {x: 0, y: 0, z: 0, w: 1}
  m_IncludeLayers:
    serializedVersion: 2
    m_Bits: 0
  m_ExcludeLayers:
    serializedVersion: 2
    m_Bits: 0
  m_ImplicitCom: 1
  m_ImplicitTensor: 1
  m_UseGravity: 0
  m_IsKinematic: 0
  m_Interpolate: 0
  m_Constraints: 112
  m_CollisionDetection: 0
--- !u!135 &1422732911453845401
SphereCollider:
  m_ObjectHideFlags: 0
  m_CorrespondingSourceObject: {fileID: 0}
  m_PrefabInstance: {fileID: 0}
  m_PrefabAsset: {fileID: 0}
  m_GameObject: {fileID: 4251125100707173251}
  m_Material: {fileID: 0}
  m_IncludeLayers:
    serializedVersion: 2
    m_Bits: 0
  m_ExcludeLayers:
    serializedVersion: 2
    m_Bits: 0
  m_LayerOverridePriority: 0
  m_IsTrigger: 1
  m_ProvidesContacts: 0
  m_Enabled: 1
  serializedVersion: 3
  m_Radius: 10.3
  m_Center: {x: 0, y: 1.01, z: 0}
--- !u!1 &4470428014230378031
GameObject:
  m_ObjectHideFlags: 0
  m_CorrespondingSourceObject: {fileID: 0}
  m_PrefabInstance: {fileID: 0}
  m_PrefabAsset: {fileID: 0}
  serializedVersion: 6
  m_Component:
  - component: {fileID: 4524028622853818472}
  - component: {fileID: 5023604022202372810}
  m_Layer: 9
  m_Name: Idle
  m_TagString: Untagged
  m_Icon: {fileID: 0}
  m_NavMeshLayer: 0
  m_StaticEditorFlags: 0
  m_IsActive: 1
--- !u!4 &4524028622853818472
Transform:
  m_ObjectHideFlags: 0
  m_CorrespondingSourceObject: {fileID: 0}
  m_PrefabInstance: {fileID: 0}
  m_PrefabAsset: {fileID: 0}
  m_GameObject: {fileID: 4470428014230378031}
  serializedVersion: 2
  m_LocalRotation: {x: 0, y: 0, z: 0, w: 1}
  m_LocalPosition: {x: 0, y: 0, z: 0}
  m_LocalScale: {x: 1, y: 1, z: 1}
  m_ConstrainProportionsScale: 0
  m_Children: []
  m_Father: {fileID: 892134001215331935}
  m_LocalEulerAnglesHint: {x: 0, y: 0, z: 0}
--- !u!114 &5023604022202372810
MonoBehaviour:
  m_ObjectHideFlags: 0
  m_CorrespondingSourceObject: {fileID: 0}
  m_PrefabInstance: {fileID: 0}
  m_PrefabAsset: {fileID: 0}
  m_GameObject: {fileID: 4470428014230378031}
  m_Enabled: 1
  m_EditorHideFlags: 0
  m_Script: {fileID: 11500000, guid: 79644462e0decab44a70c32617ea6f60, type: 3}
  m_Name: 
  m_EditorClassIdentifier: 
  stateName: Idle
  stateMachine: {fileID: 7999737206117655600}
  controller: {fileID: 4219385552835735888}
  seekState: SeekPlayer
--- !u!1 &5458457311344027579
GameObject:
  m_ObjectHideFlags: 0
  m_CorrespondingSourceObject: {fileID: 0}
  m_PrefabInstance: {fileID: 0}
  m_PrefabAsset: {fileID: 0}
  serializedVersion: 6
  m_Component:
  - component: {fileID: 8941338544627066509}
  - component: {fileID: 3474535849607940337}
  m_Layer: 9
  m_Name: Reloading
  m_TagString: Untagged
  m_Icon: {fileID: 0}
  m_NavMeshLayer: 0
  m_StaticEditorFlags: 0
  m_IsActive: 1
--- !u!4 &8941338544627066509
Transform:
  m_ObjectHideFlags: 0
  m_CorrespondingSourceObject: {fileID: 0}
  m_PrefabInstance: {fileID: 0}
  m_PrefabAsset: {fileID: 0}
  m_GameObject: {fileID: 5458457311344027579}
  serializedVersion: 2
  m_LocalRotation: {x: 0, y: 0, z: 0, w: 1}
  m_LocalPosition: {x: 0, y: 0, z: 0}
  m_LocalScale: {x: 1, y: 1, z: 1}
  m_ConstrainProportionsScale: 0
  m_Children: []
  m_Father: {fileID: 892134001215331935}
  m_LocalEulerAnglesHint: {x: 0, y: 0, z: 0}
--- !u!114 &3474535849607940337
MonoBehaviour:
  m_ObjectHideFlags: 0
  m_CorrespondingSourceObject: {fileID: 0}
  m_PrefabInstance: {fileID: 0}
  m_PrefabAsset: {fileID: 0}
  m_GameObject: {fileID: 5458457311344027579}
  m_Enabled: 1
  m_EditorHideFlags: 0
  m_Script: {fileID: 11500000, guid: 028a4ab469ef676458e092cb7e57c19d, type: 3}
  m_Name: 
  m_EditorClassIdentifier: 
  stateName: Reloading
  stateMachine: {fileID: 7999737206117655600}
  controller: {fileID: 4219385552835735888}
--- !u!1 &5544131858867764524
GameObject:
  m_ObjectHideFlags: 0
  m_CorrespondingSourceObject: {fileID: 0}
  m_PrefabInstance: {fileID: 0}
  m_PrefabAsset: {fileID: 0}
  serializedVersion: 6
  m_Component:
  - component: {fileID: 7102706192610826627}
  - component: {fileID: 5405607637453280144}
  m_Layer: 9
  m_Name: Head
  m_TagString: EnemyHead
  m_Icon: {fileID: 0}
  m_NavMeshLayer: 0
  m_StaticEditorFlags: 0
  m_IsActive: 1
--- !u!4 &7102706192610826627
Transform:
  m_ObjectHideFlags: 0
  m_CorrespondingSourceObject: {fileID: 0}
  m_PrefabInstance: {fileID: 0}
  m_PrefabAsset: {fileID: 0}
  m_GameObject: {fileID: 5544131858867764524}
  serializedVersion: 2
  m_LocalRotation: {x: 0, y: 0, z: 0, w: 1}
  m_LocalPosition: {x: 0, y: 1.645, z: 0}
  m_LocalScale: {x: 1, y: 1, z: 1}
  m_ConstrainProportionsScale: 0
  m_Children: []
  m_Father: {fileID: 5639623676730000619}
  m_LocalEulerAnglesHint: {x: 0, y: 0, z: 0}
--- !u!136 &5405607637453280144
CapsuleCollider:
  m_ObjectHideFlags: 0
  m_CorrespondingSourceObject: {fileID: 0}
  m_PrefabInstance: {fileID: 0}
  m_PrefabAsset: {fileID: 0}
  m_GameObject: {fileID: 5544131858867764524}
  m_Material: {fileID: 0}
  m_IncludeLayers:
    serializedVersion: 2
    m_Bits: 0
  m_ExcludeLayers:
    serializedVersion: 2
    m_Bits: 0
  m_LayerOverridePriority: 0
  m_IsTrigger: 1
  m_ProvidesContacts: 0
  m_Enabled: 1
  serializedVersion: 2
  m_Radius: 0.2
  m_Height: 0.27512577
  m_Direction: 1
  m_Center: {x: 0, y: 0.017437115, z: 0.013920978}
--- !u!1 &5747854291986331361
GameObject:
  m_ObjectHideFlags: 0
  m_CorrespondingSourceObject: {fileID: 0}
  m_PrefabInstance: {fileID: 0}
  m_PrefabAsset: {fileID: 0}
  serializedVersion: 6
  m_Component:
  - component: {fileID: 1817826438376600525}
  - component: {fileID: 6787050911911967809}
  m_Layer: 9
  m_Name: Attack
  m_TagString: Untagged
  m_Icon: {fileID: 0}
  m_NavMeshLayer: 0
  m_StaticEditorFlags: 0
  m_IsActive: 1
--- !u!4 &1817826438376600525
Transform:
  m_ObjectHideFlags: 0
  m_CorrespondingSourceObject: {fileID: 0}
  m_PrefabInstance: {fileID: 0}
  m_PrefabAsset: {fileID: 0}
  m_GameObject: {fileID: 5747854291986331361}
  serializedVersion: 2
  m_LocalRotation: {x: 0, y: 0, z: 0, w: 1}
  m_LocalPosition: {x: 0, y: 0, z: 0}
  m_LocalScale: {x: 1, y: 1, z: 1}
  m_ConstrainProportionsScale: 0
  m_Children: []
  m_Father: {fileID: 892134001215331935}
  m_LocalEulerAnglesHint: {x: 0, y: 0, z: 0}
--- !u!114 &6787050911911967809
MonoBehaviour:
  m_ObjectHideFlags: 0
  m_CorrespondingSourceObject: {fileID: 0}
  m_PrefabInstance: {fileID: 0}
  m_PrefabAsset: {fileID: 0}
  m_GameObject: {fileID: 5747854291986331361}
  m_Enabled: 1
  m_EditorHideFlags: 0
  m_Script: {fileID: 11500000, guid: 8c55628d775cbb54699004f7ba37e0a4, type: 3}
  m_Name: 
  m_EditorClassIdentifier: 
  stateName: Attack
  stateMachine: {fileID: 7999737206117655600}
  controller: {fileID: 4219385552835735888}
  seekState: SeekPlayer
--- !u!1 &5817112913089452688
GameObject:
  m_ObjectHideFlags: 0
  m_CorrespondingSourceObject: {fileID: 0}
  m_PrefabInstance: {fileID: 0}
  m_PrefabAsset: {fileID: 0}
  serializedVersion: 6
  m_Component:
  - component: {fileID: 6289440370099355467}
  - component: {fileID: 1419034781695928353}
  m_Layer: 9
  m_Name: Body
  m_TagString: EnemyBody
  m_Icon: {fileID: 0}
  m_NavMeshLayer: 0
  m_StaticEditorFlags: 0
  m_IsActive: 1
--- !u!4 &6289440370099355467
Transform:
  m_ObjectHideFlags: 0
  m_CorrespondingSourceObject: {fileID: 0}
  m_PrefabInstance: {fileID: 0}
  m_PrefabAsset: {fileID: 0}
  m_GameObject: {fileID: 5817112913089452688}
  serializedVersion: 2
  m_LocalRotation: {x: 0, y: 0, z: 0, w: 1}
  m_LocalPosition: {x: 0, y: 0.791, z: 0}
  m_LocalScale: {x: 1, y: 1, z: 1}
  m_ConstrainProportionsScale: 0
  m_Children: []
  m_Father: {fileID: 4201646589114341967}
  m_LocalEulerAnglesHint: {x: 0, y: 0, z: 0}
--- !u!65 &1419034781695928353
BoxCollider:
  m_ObjectHideFlags: 0
  m_CorrespondingSourceObject: {fileID: 0}
  m_PrefabInstance: {fileID: 0}
  m_PrefabAsset: {fileID: 0}
  m_GameObject: {fileID: 5817112913089452688}
  m_Material: {fileID: 0}
  m_IncludeLayers:
    serializedVersion: 2
    m_Bits: 0
  m_ExcludeLayers:
    serializedVersion: 2
    m_Bits: 0
  m_LayerOverridePriority: 0
  m_IsTrigger: 1
  m_ProvidesContacts: 0
  m_Enabled: 1
  serializedVersion: 3
  m_Size: {x: 0.70147634, y: 1.6653938, z: 0.44478416}
  m_Center: {x: -0.010400653, y: -0.12269688, z: 0.013323784}
--- !u!1 &6036893373509746655
GameObject:
  m_ObjectHideFlags: 0
  m_CorrespondingSourceObject: {fileID: 0}
  m_PrefabInstance: {fileID: 0}
  m_PrefabAsset: {fileID: 0}
  serializedVersion: 6
  m_Component:
  - component: {fileID: 4074307299800529234}
  - component: {fileID: 7430439129322551806}
  m_Layer: 9
  m_Name: AudioSource
  m_TagString: Untagged
  m_Icon: {fileID: 0}
  m_NavMeshLayer: 0
  m_StaticEditorFlags: 0
  m_IsActive: 1
--- !u!4 &4074307299800529234
Transform:
  m_ObjectHideFlags: 0
  m_CorrespondingSourceObject: {fileID: 0}
  m_PrefabInstance: {fileID: 0}
  m_PrefabAsset: {fileID: 0}
  m_GameObject: {fileID: 6036893373509746655}
  serializedVersion: 2
  m_LocalRotation: {x: 0, y: 0, z: 0, w: 1}
  m_LocalPosition: {x: 0, y: 0.94, z: 0}
  m_LocalScale: {x: 1, y: 1, z: 1}
  m_ConstrainProportionsScale: 0
  m_Children: []
  m_Father: {fileID: 6810645627196392641}
  m_LocalEulerAnglesHint: {x: 0, y: 0, z: 0}
--- !u!82 &7430439129322551806
AudioSource:
  m_ObjectHideFlags: 0
  m_CorrespondingSourceObject: {fileID: 0}
  m_PrefabInstance: {fileID: 0}
  m_PrefabAsset: {fileID: 0}
  m_GameObject: {fileID: 6036893373509746655}
  m_Enabled: 1
  serializedVersion: 4
  OutputAudioMixerGroup: {fileID: 0}
  m_audioClip: {fileID: 0}
  m_PlayOnAwake: 1
  m_Volume: 1
  m_Pitch: 1
  Loop: 0
  Mute: 0
  Spatialize: 0
  SpatializePostEffects: 0
  Priority: 80
  DopplerLevel: 1
  MinDistance: 10
  MaxDistance: 26
  Pan2D: 0
  rolloffMode: 0
  BypassEffects: 0
  BypassListenerEffects: 0
  BypassReverbZones: 0
  rolloffCustomCurve:
    serializedVersion: 2
    m_Curve:
    - serializedVersion: 3
      time: 0
      value: 1
      inSlope: 0
      outSlope: 0
      tangentMode: 0
      weightedMode: 0
      inWeight: 0.33333334
      outWeight: 0.33333334
    - serializedVersion: 3
      time: 1
      value: 0
      inSlope: 0
      outSlope: 0
      tangentMode: 0
      weightedMode: 0
      inWeight: 0.33333334
      outWeight: 0.33333334
    m_PreInfinity: 2
    m_PostInfinity: 2
    m_RotationOrder: 4
  panLevelCustomCurve:
    serializedVersion: 2
    m_Curve:
    - serializedVersion: 3
      time: 0
      value: 0.66
      inSlope: 0
      outSlope: 0
      tangentMode: 0
      weightedMode: 0
      inWeight: 0.33333334
      outWeight: 0.33333334
    m_PreInfinity: 2
    m_PostInfinity: 2
    m_RotationOrder: 4
  spreadCustomCurve:
    serializedVersion: 2
    m_Curve:
    - serializedVersion: 3
      time: 0
      value: 0
      inSlope: 0
      outSlope: 0
      tangentMode: 0
      weightedMode: 0
      inWeight: 0.33333334
      outWeight: 0.33333334
    m_PreInfinity: 2
    m_PostInfinity: 2
    m_RotationOrder: 4
  reverbZoneMixCustomCurve:
    serializedVersion: 2
    m_Curve:
    - serializedVersion: 3
      time: 0
      value: 1
      inSlope: 0
      outSlope: 0
      tangentMode: 0
      weightedMode: 0
      inWeight: 0.33333334
      outWeight: 0.33333334
    m_PreInfinity: 2
    m_PostInfinity: 2
    m_RotationOrder: 4
--- !u!1 &6667151333976708831
GameObject:
  m_ObjectHideFlags: 0
  m_CorrespondingSourceObject: {fileID: 0}
  m_PrefabInstance: {fileID: 0}
  m_PrefabAsset: {fileID: 0}
  serializedVersion: 6
  m_Component:
  - component: {fileID: 8355715823577091049}
  m_Layer: 9
  m_Name: OverlapCenter
  m_TagString: Untagged
  m_Icon: {fileID: 0}
  m_NavMeshLayer: 0
  m_StaticEditorFlags: 0
  m_IsActive: 1
--- !u!4 &8355715823577091049
Transform:
  m_ObjectHideFlags: 0
  m_CorrespondingSourceObject: {fileID: 0}
  m_PrefabInstance: {fileID: 0}
  m_PrefabAsset: {fileID: 0}
  m_GameObject: {fileID: 6667151333976708831}
  serializedVersion: 2
  m_LocalRotation: {x: 0, y: 0, z: 0, w: 1}
  m_LocalPosition: {x: 0, y: -0.173, z: 0}
  m_LocalScale: {x: 1, y: 1, z: 1}
  m_ConstrainProportionsScale: 0
  m_Children: []
  m_Father: {fileID: 8420518937721407260}
  m_LocalEulerAnglesHint: {x: 0, y: 0, z: 0}
--- !u!1 &7629379477579777226
GameObject:
  m_ObjectHideFlags: 0
  m_CorrespondingSourceObject: {fileID: 0}
  m_PrefabInstance: {fileID: 0}
  m_PrefabAsset: {fileID: 0}
  serializedVersion: 6
  m_Component:
  - component: {fileID: 3501091249620012274}
  - component: {fileID: 4779753029302546074}
  m_Layer: 9
  m_Name: Collisions
  m_TagString: Untagged
  m_Icon: {fileID: 0}
  m_NavMeshLayer: 0
  m_StaticEditorFlags: 0
  m_IsActive: 1
--- !u!4 &3501091249620012274
Transform:
  m_ObjectHideFlags: 0
  m_CorrespondingSourceObject: {fileID: 0}
  m_PrefabInstance: {fileID: 0}
  m_PrefabAsset: {fileID: 0}
  m_GameObject: {fileID: 7629379477579777226}
  serializedVersion: 2
  m_LocalRotation: {x: 0, y: 0, z: 0, w: 1}
  m_LocalPosition: {x: 0, y: 0, z: 0}
  m_LocalScale: {x: 1, y: 1, z: 1}
  m_ConstrainProportionsScale: 0
  m_Children: []
  m_Father: {fileID: 5639623676730000619}
  m_LocalEulerAnglesHint: {x: 0, y: 0, z: 0}
--- !u!136 &4779753029302546074
CapsuleCollider:
  m_ObjectHideFlags: 0
  m_CorrespondingSourceObject: {fileID: 0}
  m_PrefabInstance: {fileID: 0}
  m_PrefabAsset: {fileID: 0}
  m_GameObject: {fileID: 7629379477579777226}
  m_Material: {fileID: 0}
  m_IncludeLayers:
    serializedVersion: 2
    m_Bits: 0
  m_ExcludeLayers:
    serializedVersion: 2
    m_Bits: 0
  m_LayerOverridePriority: 0
  m_IsTrigger: 0
  m_ProvidesContacts: 0
  m_Enabled: 1
  serializedVersion: 2
  m_Radius: 0.35
  m_Height: 1.92
  m_Direction: 1
  m_Center: {x: 0, y: 0.77, z: 0}
--- !u!1 &7942337383173870184
GameObject:
  m_ObjectHideFlags: 0
  m_CorrespondingSourceObject: {fileID: 0}
  m_PrefabInstance: {fileID: 0}
  m_PrefabAsset: {fileID: 0}
  serializedVersion: 6
  m_Component:
  - component: {fileID: 428090744751751114}
  - component: {fileID: 887609828060995231}
  m_Layer: 9
  m_Name: ClimbCargo
  m_TagString: Untagged
  m_Icon: {fileID: 0}
  m_NavMeshLayer: 0
  m_StaticEditorFlags: 0
  m_IsActive: 1
--- !u!4 &428090744751751114
Transform:
  m_ObjectHideFlags: 0
  m_CorrespondingSourceObject: {fileID: 0}
  m_PrefabInstance: {fileID: 0}
  m_PrefabAsset: {fileID: 0}
  m_GameObject: {fileID: 7942337383173870184}
  serializedVersion: 2
  m_LocalRotation: {x: 0, y: 0, z: 0, w: 1}
  m_LocalPosition: {x: 0, y: 0, z: 0}
  m_LocalScale: {x: 1, y: 1, z: 1}
  m_ConstrainProportionsScale: 0
  m_Children: []
  m_Father: {fileID: 892134001215331935}
  m_LocalEulerAnglesHint: {x: 0, y: 0, z: 0}
--- !u!114 &887609828060995231
MonoBehaviour:
  m_ObjectHideFlags: 0
  m_CorrespondingSourceObject: {fileID: 0}
  m_PrefabInstance: {fileID: 0}
  m_PrefabAsset: {fileID: 0}
  m_GameObject: {fileID: 7942337383173870184}
  m_Enabled: 1
  m_EditorHideFlags: 0
  m_Script: {fileID: 11500000, guid: 2eca5ca9d020d21448c154b9ce056aaf, type: 3}
  m_Name: 
  m_EditorClassIdentifier: 
  stateName: ClimbCargo
  stateMachine: {fileID: 7999737206117655600}
  controller: {fileID: 4219385552835735888}
  boardingPoint: {fileID: 0}
  playerTransform: {fileID: 8420518937721407260}
  climbTime: 1
  relatedState: SeekPlayer
--- !u!1 &8088533478813827505
GameObject:
  m_ObjectHideFlags: 0
  m_CorrespondingSourceObject: {fileID: 0}
  m_PrefabInstance: {fileID: 0}
  m_PrefabAsset: {fileID: 0}
  serializedVersion: 6
  m_Component:
  - component: {fileID: 4245573793503524930}
  - component: {fileID: 8376541699799114612}
  m_Layer: 9
  m_Name: OnBoat
  m_TagString: Untagged
  m_Icon: {fileID: 0}
  m_NavMeshLayer: 0
  m_StaticEditorFlags: 0
  m_IsActive: 1
--- !u!4 &4245573793503524930
Transform:
  m_ObjectHideFlags: 0
  m_CorrespondingSourceObject: {fileID: 0}
  m_PrefabInstance: {fileID: 0}
  m_PrefabAsset: {fileID: 0}
  m_GameObject: {fileID: 8088533478813827505}
  serializedVersion: 2
  m_LocalRotation: {x: 0, y: 0, z: 0, w: 1}
  m_LocalPosition: {x: 0, y: 0, z: 0}
  m_LocalScale: {x: 1, y: 1, z: 1}
  m_ConstrainProportionsScale: 0
  m_Children: []
  m_Father: {fileID: 892134001215331935}
  m_LocalEulerAnglesHint: {x: 0, y: 0, z: 0}
--- !u!114 &8376541699799114612
MonoBehaviour:
  m_ObjectHideFlags: 0
  m_CorrespondingSourceObject: {fileID: 0}
  m_PrefabInstance: {fileID: 0}
  m_PrefabAsset: {fileID: 0}
  m_GameObject: {fileID: 8088533478813827505}
  m_Enabled: 1
  m_EditorHideFlags: 0
  m_Script: {fileID: 11500000, guid: 99aead8801b44864798a6d3f8299e905, type: 3}
  m_Name: 
  m_EditorClassIdentifier: 
  stateName: OnBoat
  stateMachine: {fileID: 7999737206117655600}
  controller: {fileID: 4219385552835735888}
  boatTransform: {fileID: 0}
  canClimb: 0
  relatedState: ClimbCargo
  offset: {x: -0.65, y: 0, z: 0}
--- !u!1 &8353188317607971818
GameObject:
  m_ObjectHideFlags: 0
  m_CorrespondingSourceObject: {fileID: 0}
  m_PrefabInstance: {fileID: 0}
  m_PrefabAsset: {fileID: 0}
  serializedVersion: 6
  m_Component:
  - component: {fileID: 6810645627196392641}
  m_Layer: 9
  m_Name: Body
  m_TagString: Untagged
  m_Icon: {fileID: 0}
  m_NavMeshLayer: 0
  m_StaticEditorFlags: 0
  m_IsActive: 1
--- !u!4 &6810645627196392641
Transform:
  m_ObjectHideFlags: 0
  m_CorrespondingSourceObject: {fileID: 0}
  m_PrefabInstance: {fileID: 0}
  m_PrefabAsset: {fileID: 0}
  m_GameObject: {fileID: 8353188317607971818}
  serializedVersion: 2
  m_LocalRotation: {x: 0, y: 0, z: 0, w: 1}
  m_LocalPosition: {x: 0, y: 0, z: 0}
  m_LocalScale: {x: 1, y: 1, z: 1}
  m_ConstrainProportionsScale: 0
  m_Children:
  - {fileID: 2009065132823112125}
  - {fileID: 8004192940760134031}
  - {fileID: 5639623676730000619}
  - {fileID: 4074307299800529234}
  - {fileID: 4201646589114341967}
  - {fileID: 5502027840779541628}
  m_Father: {fileID: 8420518937721407260}
  m_LocalEulerAnglesHint: {x: 0, y: 0, z: 0}
--- !u!1 &8969988303255541723
GameObject:
  m_ObjectHideFlags: 0
  m_CorrespondingSourceObject: {fileID: 0}
  m_PrefabInstance: {fileID: 0}
  m_PrefabAsset: {fileID: 0}
  serializedVersion: 6
  m_Component:
  - component: {fileID: 6414130958778277052}
  - component: {fileID: 4535105635590077637}
  m_Layer: 9
  m_Name: Body
  m_TagString: EnemyBody
  m_Icon: {fileID: 0}
  m_NavMeshLayer: 0
  m_StaticEditorFlags: 0
  m_IsActive: 1
--- !u!4 &6414130958778277052
Transform:
  m_ObjectHideFlags: 0
  m_CorrespondingSourceObject: {fileID: 0}
  m_PrefabInstance: {fileID: 0}
  m_PrefabAsset: {fileID: 0}
  m_GameObject: {fileID: 8969988303255541723}
  serializedVersion: 2
  m_LocalRotation: {x: 0, y: 0, z: 0, w: 1}
  m_LocalPosition: {x: 0, y: 0.791, z: 0}
  m_LocalScale: {x: 1, y: 1, z: 1}
  m_ConstrainProportionsScale: 0
  m_Children: []
  m_Father: {fileID: 5639623676730000619}
  m_LocalEulerAnglesHint: {x: 0, y: 0, z: 0}
--- !u!65 &4535105635590077637
BoxCollider:
  m_ObjectHideFlags: 0
  m_CorrespondingSourceObject: {fileID: 0}
  m_PrefabInstance: {fileID: 0}
  m_PrefabAsset: {fileID: 0}
  m_GameObject: {fileID: 8969988303255541723}
  m_Material: {fileID: 0}
  m_IncludeLayers:
    serializedVersion: 2
    m_Bits: 0
  m_ExcludeLayers:
    serializedVersion: 2
    m_Bits: 0
  m_LayerOverridePriority: 0
  m_IsTrigger: 1
  m_ProvidesContacts: 0
  m_Enabled: 1
  serializedVersion: 3
  m_Size: {x: 0.70147634, y: 1.6653938, z: 0.44478416}
  m_Center: {x: -0.010400653, y: -0.12269688, z: 0.013323784}
--- !u!1 &9110509800825493941
GameObject:
  m_ObjectHideFlags: 0
  m_CorrespondingSourceObject: {fileID: 0}
  m_PrefabInstance: {fileID: 0}
  m_PrefabAsset: {fileID: 0}
  serializedVersion: 6
  m_Component:
  - component: {fileID: 3174375318592957730}
  - component: {fileID: 2786106931094535855}
  m_Layer: 9
  m_Name: TakeCover
  m_TagString: Untagged
  m_Icon: {fileID: 0}
  m_NavMeshLayer: 0
  m_StaticEditorFlags: 0
  m_IsActive: 1
--- !u!4 &3174375318592957730
Transform:
  m_ObjectHideFlags: 0
  m_CorrespondingSourceObject: {fileID: 0}
  m_PrefabInstance: {fileID: 0}
  m_PrefabAsset: {fileID: 0}
  m_GameObject: {fileID: 9110509800825493941}
  serializedVersion: 2
  m_LocalRotation: {x: 0, y: 0, z: 0, w: 1}
  m_LocalPosition: {x: 0, y: 0, z: 0}
  m_LocalScale: {x: 1, y: 1, z: 1}
  m_ConstrainProportionsScale: 0
  m_Children: []
  m_Father: {fileID: 892134001215331935}
  m_LocalEulerAnglesHint: {x: 0, y: 0, z: 0}
--- !u!114 &2786106931094535855
MonoBehaviour:
  m_ObjectHideFlags: 0
  m_CorrespondingSourceObject: {fileID: 0}
  m_PrefabInstance: {fileID: 0}
  m_PrefabAsset: {fileID: 0}
  m_GameObject: {fileID: 9110509800825493941}
  m_Enabled: 1
  m_EditorHideFlags: 0
  m_Script: {fileID: 11500000, guid: 1364c24c3fc5d4b42837e49f9636e225, type: 3}
  m_Name: 
  m_EditorClassIdentifier: 
  stateName: TakeCover
  stateMachine: {fileID: 7999737206117655600}
  controller: {fileID: 4219385552835735888}
--- !u!1001 &3825279634713514357
PrefabInstance:
  m_ObjectHideFlags: 0
  serializedVersion: 2
  m_Modification:
    serializedVersion: 3
    m_TransformParent: {fileID: 6810645627196392641}
    m_Modifications:
    - target: {fileID: 3384382103464048840, guid: 6733dbab527fd2b4588ef2e968d26dc4,
        type: 3}
      propertyPath: m_LocalPosition.x
      value: -0.215
      objectReference: {fileID: 0}
    - target: {fileID: 3384382103464048840, guid: 6733dbab527fd2b4588ef2e968d26dc4,
        type: 3}
      propertyPath: m_LocalPosition.y
      value: 1.507
      objectReference: {fileID: 0}
    - target: {fileID: 3384382103464048840, guid: 6733dbab527fd2b4588ef2e968d26dc4,
        type: 3}
      propertyPath: m_LocalPosition.z
      value: 0.374
      objectReference: {fileID: 0}
    - target: {fileID: 3384382103464048840, guid: 6733dbab527fd2b4588ef2e968d26dc4,
        type: 3}
      propertyPath: m_LocalRotation.w
      value: 1
      objectReference: {fileID: 0}
    - target: {fileID: 3384382103464048840, guid: 6733dbab527fd2b4588ef2e968d26dc4,
        type: 3}
      propertyPath: m_LocalRotation.x
      value: 0
      objectReference: {fileID: 0}
    - target: {fileID: 3384382103464048840, guid: 6733dbab527fd2b4588ef2e968d26dc4,
        type: 3}
      propertyPath: m_LocalRotation.y
      value: 0
      objectReference: {fileID: 0}
    - target: {fileID: 3384382103464048840, guid: 6733dbab527fd2b4588ef2e968d26dc4,
        type: 3}
      propertyPath: m_LocalRotation.z
      value: 0
      objectReference: {fileID: 0}
    - target: {fileID: 3384382103464048840, guid: 6733dbab527fd2b4588ef2e968d26dc4,
        type: 3}
      propertyPath: m_LocalEulerAnglesHint.x
      value: 0
      objectReference: {fileID: 0}
    - target: {fileID: 3384382103464048840, guid: 6733dbab527fd2b4588ef2e968d26dc4,
        type: 3}
      propertyPath: m_LocalEulerAnglesHint.y
      value: 0
      objectReference: {fileID: 0}
    - target: {fileID: 3384382103464048840, guid: 6733dbab527fd2b4588ef2e968d26dc4,
        type: 3}
      propertyPath: m_LocalEulerAnglesHint.z
      value: 0
      objectReference: {fileID: 0}
    - target: {fileID: 7432908137879728494, guid: 6733dbab527fd2b4588ef2e968d26dc4,
        type: 3}
      propertyPath: gunAudioSource
      value: 
      objectReference: {fileID: 1974876956132996382}
    - target: {fileID: 8704232978549418074, guid: 6733dbab527fd2b4588ef2e968d26dc4,
        type: 3}
      propertyPath: m_Name
      value: EnemyPistol
      objectReference: {fileID: 0}
    m_RemovedComponents: []
    m_RemovedGameObjects: []
    m_AddedGameObjects: []
    m_AddedComponents: []
  m_SourcePrefab: {fileID: 100100000, guid: 6733dbab527fd2b4588ef2e968d26dc4, type: 3}
--- !u!4 &2009065132823112125 stripped
Transform:
  m_CorrespondingSourceObject: {fileID: 3384382103464048840, guid: 6733dbab527fd2b4588ef2e968d26dc4,
    type: 3}
  m_PrefabInstance: {fileID: 3825279634713514357}
  m_PrefabAsset: {fileID: 0}
--- !u!114 &2169393340235571552 stripped
MonoBehaviour:
  m_CorrespondingSourceObject: {fileID: 3102175507969765397, guid: 6733dbab527fd2b4588ef2e968d26dc4,
    type: 3}
  m_PrefabInstance: {fileID: 3825279634713514357}
  m_PrefabAsset: {fileID: 0}
  m_GameObject: {fileID: 0}
  m_Enabled: 1
  m_EditorHideFlags: 0
  m_Script: {fileID: 11500000, guid: 9a81834d06f363f45a2319179d5f88c1, type: 3}
  m_Name: 
  m_EditorClassIdentifier: 
--- !u!1001 &8004192940760263463
PrefabInstance:
  m_ObjectHideFlags: 0
  serializedVersion: 2
  m_Modification:
    serializedVersion: 3
    m_TransformParent: {fileID: 6810645627196392641}
    m_Modifications:
    - target: {fileID: 100000, guid: cb71e0b181fbc8c4a9a3e9f45f8448f3, type: 3}
      propertyPath: m_Layer
      value: 9
      objectReference: {fileID: 0}
    - target: {fileID: 100000, guid: cb71e0b181fbc8c4a9a3e9f45f8448f3, type: 3}
      propertyPath: m_IsActive
      value: 0
      objectReference: {fileID: 0}
    - target: {fileID: 100002, guid: cb71e0b181fbc8c4a9a3e9f45f8448f3, type: 3}
      propertyPath: m_Layer
      value: 9
      objectReference: {fileID: 0}
    - target: {fileID: 100004, guid: cb71e0b181fbc8c4a9a3e9f45f8448f3, type: 3}
      propertyPath: m_Layer
      value: 9
      objectReference: {fileID: 0}
    - target: {fileID: 100006, guid: cb71e0b181fbc8c4a9a3e9f45f8448f3, type: 3}
      propertyPath: m_Layer
      value: 9
      objectReference: {fileID: 0}
    - target: {fileID: 100008, guid: cb71e0b181fbc8c4a9a3e9f45f8448f3, type: 3}
      propertyPath: m_Layer
      value: 9
      objectReference: {fileID: 0}
    - target: {fileID: 100010, guid: cb71e0b181fbc8c4a9a3e9f45f8448f3, type: 3}
      propertyPath: m_Layer
      value: 9
      objectReference: {fileID: 0}
    - target: {fileID: 100012, guid: cb71e0b181fbc8c4a9a3e9f45f8448f3, type: 3}
      propertyPath: m_Layer
      value: 9
      objectReference: {fileID: 0}
    - target: {fileID: 100014, guid: cb71e0b181fbc8c4a9a3e9f45f8448f3, type: 3}
      propertyPath: m_Layer
      value: 9
      objectReference: {fileID: 0}
    - target: {fileID: 100036, guid: cb71e0b181fbc8c4a9a3e9f45f8448f3, type: 3}
      propertyPath: m_Layer
      value: 9
      objectReference: {fileID: 0}
    - target: {fileID: 100038, guid: cb71e0b181fbc8c4a9a3e9f45f8448f3, type: 3}
      propertyPath: m_Layer
      value: 9
      objectReference: {fileID: 0}
    - target: {fileID: 100040, guid: cb71e0b181fbc8c4a9a3e9f45f8448f3, type: 3}
      propertyPath: m_Name
      value: char_all_parts
      objectReference: {fileID: 0}
    - target: {fileID: 100040, guid: cb71e0b181fbc8c4a9a3e9f45f8448f3, type: 3}
      propertyPath: m_Layer
      value: 9
      objectReference: {fileID: 0}
    - target: {fileID: 100044, guid: cb71e0b181fbc8c4a9a3e9f45f8448f3, type: 3}
      propertyPath: m_Layer
      value: 9
      objectReference: {fileID: 0}
    - target: {fileID: 100046, guid: cb71e0b181fbc8c4a9a3e9f45f8448f3, type: 3}
      propertyPath: m_Layer
      value: 9
      objectReference: {fileID: 0}
    - target: {fileID: 100048, guid: cb71e0b181fbc8c4a9a3e9f45f8448f3, type: 3}
      propertyPath: m_Layer
      value: 9
      objectReference: {fileID: 0}
    - target: {fileID: 100050, guid: cb71e0b181fbc8c4a9a3e9f45f8448f3, type: 3}
      propertyPath: m_Layer
      value: 9
      objectReference: {fileID: 0}
    - target: {fileID: 100056, guid: cb71e0b181fbc8c4a9a3e9f45f8448f3, type: 3}
      propertyPath: m_Layer
      value: 9
      objectReference: {fileID: 0}
    - target: {fileID: 100058, guid: cb71e0b181fbc8c4a9a3e9f45f8448f3, type: 3}
      propertyPath: m_Layer
      value: 9
      objectReference: {fileID: 0}
    - target: {fileID: 100068, guid: cb71e0b181fbc8c4a9a3e9f45f8448f3, type: 3}
      propertyPath: m_Layer
      value: 9
      objectReference: {fileID: 0}
    - target: {fileID: 100070, guid: cb71e0b181fbc8c4a9a3e9f45f8448f3, type: 3}
      propertyPath: m_Layer
      value: 9
      objectReference: {fileID: 0}
    - target: {fileID: 100072, guid: cb71e0b181fbc8c4a9a3e9f45f8448f3, type: 3}
      propertyPath: m_Layer
      value: 9
      objectReference: {fileID: 0}
    - target: {fileID: 100078, guid: cb71e0b181fbc8c4a9a3e9f45f8448f3, type: 3}
      propertyPath: m_Layer
      value: 9
      objectReference: {fileID: 0}
    - target: {fileID: 100080, guid: cb71e0b181fbc8c4a9a3e9f45f8448f3, type: 3}
      propertyPath: m_Layer
      value: 9
      objectReference: {fileID: 0}
    - target: {fileID: 100080, guid: cb71e0b181fbc8c4a9a3e9f45f8448f3, type: 3}
      propertyPath: m_IsActive
      value: 0
      objectReference: {fileID: 0}
    - target: {fileID: 100082, guid: cb71e0b181fbc8c4a9a3e9f45f8448f3, type: 3}
      propertyPath: m_Layer
      value: 9
      objectReference: {fileID: 0}
    - target: {fileID: 100100, guid: cb71e0b181fbc8c4a9a3e9f45f8448f3, type: 3}
      propertyPath: m_Layer
      value: 9
      objectReference: {fileID: 0}
    - target: {fileID: 100102, guid: cb71e0b181fbc8c4a9a3e9f45f8448f3, type: 3}
      propertyPath: m_Layer
      value: 9
      objectReference: {fileID: 0}
    - target: {fileID: 100104, guid: cb71e0b181fbc8c4a9a3e9f45f8448f3, type: 3}
      propertyPath: m_Layer
      value: 9
      objectReference: {fileID: 0}
    - target: {fileID: 100106, guid: cb71e0b181fbc8c4a9a3e9f45f8448f3, type: 3}
      propertyPath: m_Layer
      value: 9
      objectReference: {fileID: 0}
    - target: {fileID: 100108, guid: cb71e0b181fbc8c4a9a3e9f45f8448f3, type: 3}
      propertyPath: m_Layer
      value: 9
      objectReference: {fileID: 0}
    - target: {fileID: 100110, guid: cb71e0b181fbc8c4a9a3e9f45f8448f3, type: 3}
      propertyPath: m_Layer
      value: 9
      objectReference: {fileID: 0}
    - target: {fileID: 100112, guid: cb71e0b181fbc8c4a9a3e9f45f8448f3, type: 3}
      propertyPath: m_Layer
      value: 9
      objectReference: {fileID: 0}
    - target: {fileID: 100114, guid: cb71e0b181fbc8c4a9a3e9f45f8448f3, type: 3}
      propertyPath: m_Layer
      value: 9
      objectReference: {fileID: 0}
    - target: {fileID: 100116, guid: cb71e0b181fbc8c4a9a3e9f45f8448f3, type: 3}
      propertyPath: m_Layer
      value: 9
      objectReference: {fileID: 0}
    - target: {fileID: 100118, guid: cb71e0b181fbc8c4a9a3e9f45f8448f3, type: 3}
      propertyPath: m_Layer
      value: 9
      objectReference: {fileID: 0}
    - target: {fileID: 100120, guid: cb71e0b181fbc8c4a9a3e9f45f8448f3, type: 3}
      propertyPath: m_Layer
      value: 9
      objectReference: {fileID: 0}
    - target: {fileID: 100122, guid: cb71e0b181fbc8c4a9a3e9f45f8448f3, type: 3}
      propertyPath: m_Layer
      value: 9
      objectReference: {fileID: 0}
    - target: {fileID: 100124, guid: cb71e0b181fbc8c4a9a3e9f45f8448f3, type: 3}
      propertyPath: m_Layer
      value: 9
      objectReference: {fileID: 0}
    - target: {fileID: 100126, guid: cb71e0b181fbc8c4a9a3e9f45f8448f3, type: 3}
      propertyPath: m_Layer
      value: 9
      objectReference: {fileID: 0}
    - target: {fileID: 100128, guid: cb71e0b181fbc8c4a9a3e9f45f8448f3, type: 3}
      propertyPath: m_Layer
      value: 9
      objectReference: {fileID: 0}
    - target: {fileID: 100130, guid: cb71e0b181fbc8c4a9a3e9f45f8448f3, type: 3}
      propertyPath: m_Layer
      value: 9
      objectReference: {fileID: 0}
    - target: {fileID: 100132, guid: cb71e0b181fbc8c4a9a3e9f45f8448f3, type: 3}
      propertyPath: m_Layer
      value: 9
      objectReference: {fileID: 0}
    - target: {fileID: 100134, guid: cb71e0b181fbc8c4a9a3e9f45f8448f3, type: 3}
      propertyPath: m_Layer
      value: 9
      objectReference: {fileID: 0}
    - target: {fileID: 100136, guid: cb71e0b181fbc8c4a9a3e9f45f8448f3, type: 3}
      propertyPath: m_Layer
      value: 9
      objectReference: {fileID: 0}
    - target: {fileID: 100138, guid: cb71e0b181fbc8c4a9a3e9f45f8448f3, type: 3}
      propertyPath: m_Layer
      value: 9
      objectReference: {fileID: 0}
    - target: {fileID: 100140, guid: cb71e0b181fbc8c4a9a3e9f45f8448f3, type: 3}
      propertyPath: m_Layer
      value: 9
      objectReference: {fileID: 0}
    - target: {fileID: 100142, guid: cb71e0b181fbc8c4a9a3e9f45f8448f3, type: 3}
      propertyPath: m_Layer
      value: 9
      objectReference: {fileID: 0}
    - target: {fileID: 100144, guid: cb71e0b181fbc8c4a9a3e9f45f8448f3, type: 3}
      propertyPath: m_Layer
      value: 9
      objectReference: {fileID: 0}
    - target: {fileID: 100146, guid: cb71e0b181fbc8c4a9a3e9f45f8448f3, type: 3}
      propertyPath: m_Layer
      value: 9
      objectReference: {fileID: 0}
    - target: {fileID: 100150, guid: cb71e0b181fbc8c4a9a3e9f45f8448f3, type: 3}
      propertyPath: m_Layer
      value: 9
      objectReference: {fileID: 0}
    - target: {fileID: 100152, guid: cb71e0b181fbc8c4a9a3e9f45f8448f3, type: 3}
      propertyPath: m_Layer
      value: 9
      objectReference: {fileID: 0}
    - target: {fileID: 100152, guid: cb71e0b181fbc8c4a9a3e9f45f8448f3, type: 3}
      propertyPath: m_IsActive
      value: 0
      objectReference: {fileID: 0}
    - target: {fileID: 100154, guid: cb71e0b181fbc8c4a9a3e9f45f8448f3, type: 3}
      propertyPath: m_Layer
      value: 9
      objectReference: {fileID: 0}
    - target: {fileID: 100154, guid: cb71e0b181fbc8c4a9a3e9f45f8448f3, type: 3}
      propertyPath: m_IsActive
      value: 0
      objectReference: {fileID: 0}
    - target: {fileID: 100156, guid: cb71e0b181fbc8c4a9a3e9f45f8448f3, type: 3}
      propertyPath: m_Layer
      value: 9
      objectReference: {fileID: 0}
    - target: {fileID: 100158, guid: cb71e0b181fbc8c4a9a3e9f45f8448f3, type: 3}
      propertyPath: m_Layer
      value: 9
      objectReference: {fileID: 0}
    - target: {fileID: 100160, guid: cb71e0b181fbc8c4a9a3e9f45f8448f3, type: 3}
      propertyPath: m_Layer
      value: 9
      objectReference: {fileID: 0}
    - target: {fileID: 100162, guid: cb71e0b181fbc8c4a9a3e9f45f8448f3, type: 3}
      propertyPath: m_Layer
      value: 9
      objectReference: {fileID: 0}
    - target: {fileID: 100164, guid: cb71e0b181fbc8c4a9a3e9f45f8448f3, type: 3}
      propertyPath: m_Layer
      value: 9
      objectReference: {fileID: 0}
    - target: {fileID: 100166, guid: cb71e0b181fbc8c4a9a3e9f45f8448f3, type: 3}
      propertyPath: m_Layer
      value: 9
      objectReference: {fileID: 0}
    - target: {fileID: 100168, guid: cb71e0b181fbc8c4a9a3e9f45f8448f3, type: 3}
      propertyPath: m_Layer
      value: 9
      objectReference: {fileID: 0}
    - target: {fileID: 100170, guid: cb71e0b181fbc8c4a9a3e9f45f8448f3, type: 3}
      propertyPath: m_Layer
      value: 9
      objectReference: {fileID: 0}
    - target: {fileID: 100172, guid: cb71e0b181fbc8c4a9a3e9f45f8448f3, type: 3}
      propertyPath: m_Layer
      value: 9
      objectReference: {fileID: 0}
    - target: {fileID: 100174, guid: cb71e0b181fbc8c4a9a3e9f45f8448f3, type: 3}
      propertyPath: m_Layer
      value: 9
      objectReference: {fileID: 0}
    - target: {fileID: 100176, guid: cb71e0b181fbc8c4a9a3e9f45f8448f3, type: 3}
      propertyPath: m_Layer
      value: 9
      objectReference: {fileID: 0}
    - target: {fileID: 100176, guid: cb71e0b181fbc8c4a9a3e9f45f8448f3, type: 3}
      propertyPath: m_IsActive
      value: 0
      objectReference: {fileID: 0}
    - target: {fileID: 100178, guid: cb71e0b181fbc8c4a9a3e9f45f8448f3, type: 3}
      propertyPath: m_Layer
      value: 9
      objectReference: {fileID: 0}
    - target: {fileID: 100178, guid: cb71e0b181fbc8c4a9a3e9f45f8448f3, type: 3}
      propertyPath: m_IsActive
      value: 0
      objectReference: {fileID: 0}
    - target: {fileID: 100180, guid: cb71e0b181fbc8c4a9a3e9f45f8448f3, type: 3}
      propertyPath: m_Layer
      value: 9
      objectReference: {fileID: 0}
    - target: {fileID: 100180, guid: cb71e0b181fbc8c4a9a3e9f45f8448f3, type: 3}
      propertyPath: m_IsActive
      value: 0
      objectReference: {fileID: 0}
    - target: {fileID: 100184, guid: cb71e0b181fbc8c4a9a3e9f45f8448f3, type: 3}
      propertyPath: m_Layer
      value: 9
      objectReference: {fileID: 0}
    - target: {fileID: 100186, guid: cb71e0b181fbc8c4a9a3e9f45f8448f3, type: 3}
      propertyPath: m_Layer
      value: 9
      objectReference: {fileID: 0}
    - target: {fileID: 100188, guid: cb71e0b181fbc8c4a9a3e9f45f8448f3, type: 3}
      propertyPath: m_Layer
      value: 9
      objectReference: {fileID: 0}
    - target: {fileID: 100190, guid: cb71e0b181fbc8c4a9a3e9f45f8448f3, type: 3}
      propertyPath: m_Layer
      value: 9
      objectReference: {fileID: 0}
    - target: {fileID: 100192, guid: cb71e0b181fbc8c4a9a3e9f45f8448f3, type: 3}
      propertyPath: m_Layer
      value: 9
      objectReference: {fileID: 0}
    - target: {fileID: 100194, guid: cb71e0b181fbc8c4a9a3e9f45f8448f3, type: 3}
      propertyPath: m_Layer
      value: 9
      objectReference: {fileID: 0}
    - target: {fileID: 100196, guid: cb71e0b181fbc8c4a9a3e9f45f8448f3, type: 3}
      propertyPath: m_Layer
      value: 9
      objectReference: {fileID: 0}
    - target: {fileID: 100198, guid: cb71e0b181fbc8c4a9a3e9f45f8448f3, type: 3}
      propertyPath: m_Layer
      value: 9
      objectReference: {fileID: 0}
    - target: {fileID: 100204, guid: cb71e0b181fbc8c4a9a3e9f45f8448f3, type: 3}
      propertyPath: m_Layer
      value: 9
      objectReference: {fileID: 0}
    - target: {fileID: 100206, guid: cb71e0b181fbc8c4a9a3e9f45f8448f3, type: 3}
      propertyPath: m_Layer
      value: 9
      objectReference: {fileID: 0}
    - target: {fileID: 100208, guid: cb71e0b181fbc8c4a9a3e9f45f8448f3, type: 3}
      propertyPath: m_Layer
      value: 9
      objectReference: {fileID: 0}
    - target: {fileID: 100210, guid: cb71e0b181fbc8c4a9a3e9f45f8448f3, type: 3}
      propertyPath: m_Layer
      value: 9
      objectReference: {fileID: 0}
    - target: {fileID: 100212, guid: cb71e0b181fbc8c4a9a3e9f45f8448f3, type: 3}
      propertyPath: m_Layer
      value: 9
      objectReference: {fileID: 0}
    - target: {fileID: 100214, guid: cb71e0b181fbc8c4a9a3e9f45f8448f3, type: 3}
      propertyPath: m_Layer
      value: 9
      objectReference: {fileID: 0}
    - target: {fileID: 100216, guid: cb71e0b181fbc8c4a9a3e9f45f8448f3, type: 3}
      propertyPath: m_Layer
      value: 9
      objectReference: {fileID: 0}
    - target: {fileID: 100218, guid: cb71e0b181fbc8c4a9a3e9f45f8448f3, type: 3}
      propertyPath: m_Layer
      value: 9
      objectReference: {fileID: 0}
    - target: {fileID: 100220, guid: cb71e0b181fbc8c4a9a3e9f45f8448f3, type: 3}
      propertyPath: m_Layer
      value: 9
      objectReference: {fileID: 0}
    - target: {fileID: 100222, guid: cb71e0b181fbc8c4a9a3e9f45f8448f3, type: 3}
      propertyPath: m_Layer
      value: 9
      objectReference: {fileID: 0}
    - target: {fileID: 100224, guid: cb71e0b181fbc8c4a9a3e9f45f8448f3, type: 3}
      propertyPath: m_Layer
      value: 9
      objectReference: {fileID: 0}
    - target: {fileID: 100226, guid: cb71e0b181fbc8c4a9a3e9f45f8448f3, type: 3}
      propertyPath: m_Layer
      value: 9
      objectReference: {fileID: 0}
    - target: {fileID: 100228, guid: cb71e0b181fbc8c4a9a3e9f45f8448f3, type: 3}
      propertyPath: m_Layer
      value: 9
      objectReference: {fileID: 0}
    - target: {fileID: 100230, guid: cb71e0b181fbc8c4a9a3e9f45f8448f3, type: 3}
      propertyPath: m_Layer
      value: 9
      objectReference: {fileID: 0}
    - target: {fileID: 100232, guid: cb71e0b181fbc8c4a9a3e9f45f8448f3, type: 3}
      propertyPath: m_Layer
      value: 9
      objectReference: {fileID: 0}
    - target: {fileID: 100234, guid: cb71e0b181fbc8c4a9a3e9f45f8448f3, type: 3}
      propertyPath: m_Layer
      value: 9
      objectReference: {fileID: 0}
    - target: {fileID: 400040, guid: cb71e0b181fbc8c4a9a3e9f45f8448f3, type: 3}
      propertyPath: m_LocalPosition.x
      value: 0
      objectReference: {fileID: 0}
    - target: {fileID: 400040, guid: cb71e0b181fbc8c4a9a3e9f45f8448f3, type: 3}
      propertyPath: m_LocalPosition.y
      value: -0.152
      objectReference: {fileID: 0}
    - target: {fileID: 400040, guid: cb71e0b181fbc8c4a9a3e9f45f8448f3, type: 3}
      propertyPath: m_LocalPosition.z
      value: 0
      objectReference: {fileID: 0}
    - target: {fileID: 400040, guid: cb71e0b181fbc8c4a9a3e9f45f8448f3, type: 3}
      propertyPath: m_LocalRotation.w
      value: 1
      objectReference: {fileID: 0}
    - target: {fileID: 400040, guid: cb71e0b181fbc8c4a9a3e9f45f8448f3, type: 3}
      propertyPath: m_LocalRotation.x
      value: 0
      objectReference: {fileID: 0}
    - target: {fileID: 400040, guid: cb71e0b181fbc8c4a9a3e9f45f8448f3, type: 3}
      propertyPath: m_LocalRotation.y
      value: 0
      objectReference: {fileID: 0}
    - target: {fileID: 400040, guid: cb71e0b181fbc8c4a9a3e9f45f8448f3, type: 3}
      propertyPath: m_LocalRotation.z
      value: 0
      objectReference: {fileID: 0}
    - target: {fileID: 400040, guid: cb71e0b181fbc8c4a9a3e9f45f8448f3, type: 3}
      propertyPath: m_LocalEulerAnglesHint.x
      value: 0
      objectReference: {fileID: 0}
    - target: {fileID: 400040, guid: cb71e0b181fbc8c4a9a3e9f45f8448f3, type: 3}
      propertyPath: m_LocalEulerAnglesHint.y
      value: 0
      objectReference: {fileID: 0}
    - target: {fileID: 400040, guid: cb71e0b181fbc8c4a9a3e9f45f8448f3, type: 3}
      propertyPath: m_LocalEulerAnglesHint.z
      value: 0
      objectReference: {fileID: 0}
    m_RemovedComponents: []
    m_RemovedGameObjects: []
    m_AddedGameObjects: []
    m_AddedComponents: []
  m_SourcePrefab: {fileID: 100100000, guid: cb71e0b181fbc8c4a9a3e9f45f8448f3, type: 3}
--- !u!4 &8004192940760134031 stripped
Transform:
  m_CorrespondingSourceObject: {fileID: 400040, guid: cb71e0b181fbc8c4a9a3e9f45f8448f3,
    type: 3}
  m_PrefabInstance: {fileID: 8004192940760263463}
  m_PrefabAsset: {fileID: 0}
