%YAML 1.1
%TAG !u! tag:unity3d.com,2011:
--- !u!1 &4382828633766598799
GameObject:
  m_ObjectHideFlags: 0
  m_CorrespondingSourceObject: {fileID: 0}
  m_PrefabInstance: {fileID: 0}
  m_PrefabAsset: {fileID: 0}
  serializedVersion: 6
  m_Component:
  - component: {fileID: 5269602495568018665}
  - component: {fileID: 8995369399277830714}
  - component: {fileID: 7034896252633899191}
  - component: {fileID: 6501195408711857576}
  m_Layer: 6
  m_Name: RifleInteractable
  m_TagString: Untagged
  m_Icon: {fileID: 0}
  m_NavMeshLayer: 0
  m_StaticEditorFlags: 0
  m_IsActive: 1
--- !u!4 &5269602495568018665
Transform:
  m_ObjectHideFlags: 0
  m_CorrespondingSourceObject: {fileID: 0}
  m_PrefabInstance: {fileID: 0}
  m_PrefabAsset: {fileID: 0}
  m_GameObject: {fileID: 4382828633766598799}
  serializedVersion: 2
  m_LocalRotation: {x: 0, y: 0, z: 0, w: 1}
  m_LocalPosition: {x: -0.83, y: 7.7777, z: -17.551}
  m_LocalScale: {x: 1, y: 1, z: 1}
  m_ConstrainProportionsScale: 0
  m_Children:
  - {fileID: 6196879146423531161}
  m_Father: {fileID: 0}
  m_LocalEulerAnglesHint: {x: 0, y: 0, z: 0}
--- !u!114 &8995369399277830714
MonoBehaviour:
  m_ObjectHideFlags: 0
  m_CorrespondingSourceObject: {fileID: 0}
  m_PrefabInstance: {fileID: 0}
  m_PrefabAsset: {fileID: 0}
  m_GameObject: {fileID: 4382828633766598799}
  m_Enabled: 1
  m_EditorHideFlags: 0
  m_Script: {fileID: 11500000, guid: b5b432564476b1a43833fa509e265568, type: 3}
  m_Name: 
  m_EditorClassIdentifier: 
  promptMessage: RA-15
  gunPrefab: {fileID: 8778848967158372604, guid: 53fb030c15095264cad1c178524c4171,
    type: 3}
  localPosition: {x: 0.269, y: 0.491, z: 0.356}
--- !u!65 &7034896252633899191
BoxCollider:
  m_ObjectHideFlags: 0
  m_CorrespondingSourceObject: {fileID: 0}
  m_PrefabInstance: {fileID: 0}
  m_PrefabAsset: {fileID: 0}
  m_GameObject: {fileID: 4382828633766598799}
  m_Material: {fileID: 0}
  m_IncludeLayers:
    serializedVersion: 2
    m_Bits: 0
  m_ExcludeLayers:
    serializedVersion: 2
    m_Bits: 0
  m_LayerOverridePriority: 0
  m_IsTrigger: 0
  m_ProvidesContacts: 0
  m_Enabled: 1
  serializedVersion: 3
  m_Size: {x: 0.21, y: 0.05, z: 0.85}
  m_Center: {x: 0, y: 0, z: -0.16}
--- !u!54 &6501195408711857576
Rigidbody:
  m_ObjectHideFlags: 0
  m_CorrespondingSourceObject: {fileID: 0}
  m_PrefabInstance: {fileID: 0}
  m_PrefabAsset: {fileID: 0}
  m_GameObject: {fileID: 4382828633766598799}
  serializedVersion: 4
  m_Mass: 1
  m_Drag: 0
  m_AngularDrag: 0.05
  m_CenterOfMass: {x: 0, y: 0, z: 0}
  m_InertiaTensor: {x: 1, y: 1, z: 1}
  m_InertiaRotation: {x: 0, y: 0, z: 0, w: 1}
  m_IncludeLayers:
    serializedVersion: 2
    m_Bits: 0
  m_ExcludeLayers:
    serializedVersion: 2
    m_Bits: 0
  m_ImplicitCom: 1
  m_ImplicitTensor: 1
  m_UseGravity: 1
  m_IsKinematic: 0
  m_Interpolate: 0
  m_Constraints: 0
  m_CollisionDetection: 1
--- !u!1001 &6196879146423921695
PrefabInstance:
  m_ObjectHideFlags: 0
  serializedVersion: 2
  m_Modification:
    serializedVersion: 3
    m_TransformParent: {fileID: 5269602495568018665}
    m_Modifications:
    - target: {fileID: 100000, guid: 9cef85516f3dcd14f8af98b58220efcd, type: 3}
      propertyPath: m_Layer
      value: 6
      objectReference: {fileID: 0}
    - target: {fileID: 100002, guid: 9cef85516f3dcd14f8af98b58220efcd, type: 3}
      propertyPath: m_Layer
      value: 6
      objectReference: {fileID: 0}
    - target: {fileID: 100004, guid: 9cef85516f3dcd14f8af98b58220efcd, type: 3}
      propertyPath: m_Layer
      value: 6
      objectReference: {fileID: 0}
    - target: {fileID: 100006, guid: 9cef85516f3dcd14f8af98b58220efcd, type: 3}
      propertyPath: m_Name
      value: assault_rifle_fbx
      objectReference: {fileID: 0}
    - target: {fileID: 100006, guid: 9cef85516f3dcd14f8af98b58220efcd, type: 3}
      propertyPath: m_Layer
      value: 6
      objectReference: {fileID: 0}
    - target: {fileID: 100012, guid: 9cef85516f3dcd14f8af98b58220efcd, type: 3}
      propertyPath: m_Layer
      value: 6
      objectReference: {fileID: 0}
    - target: {fileID: 100014, guid: 9cef85516f3dcd14f8af98b58220efcd, type: 3}
      propertyPath: m_Layer
      value: 6
      objectReference: {fileID: 0}
    - target: {fileID: 100016, guid: 9cef85516f3dcd14f8af98b58220efcd, type: 3}
      propertyPath: m_Layer
      value: 6
      objectReference: {fileID: 0}
    - target: {fileID: 100018, guid: 9cef85516f3dcd14f8af98b58220efcd, type: 3}
      propertyPath: m_Layer
      value: 6
      objectReference: {fileID: 0}
    - target: {fileID: 100020, guid: 9cef85516f3dcd14f8af98b58220efcd, type: 3}
      propertyPath: m_Layer
      value: 6
      objectReference: {fileID: 0}
    - target: {fileID: 100024, guid: 9cef85516f3dcd14f8af98b58220efcd, type: 3}
      propertyPath: m_Layer
      value: 6
      objectReference: {fileID: 0}
    - target: {fileID: 100026, guid: 9cef85516f3dcd14f8af98b58220efcd, type: 3}
      propertyPath: m_Layer
      value: 6
      objectReference: {fileID: 0}
    - target: {fileID: 100028, guid: 9cef85516f3dcd14f8af98b58220efcd, type: 3}
      propertyPath: m_Layer
      value: 6
      objectReference: {fileID: 0}
    - target: {fileID: 100030, guid: 9cef85516f3dcd14f8af98b58220efcd, type: 3}
      propertyPath: m_Layer
      value: 6
      objectReference: {fileID: 0}
    - target: {fileID: 400006, guid: 9cef85516f3dcd14f8af98b58220efcd, type: 3}
      propertyPath: m_LocalPosition.x
      value: 0
      objectReference: {fileID: 0}
    - target: {fileID: 400006, guid: 9cef85516f3dcd14f8af98b58220efcd, type: 3}
      propertyPath: m_LocalPosition.y
      value: 0
      objectReference: {fileID: 0}
    - target: {fileID: 400006, guid: 9cef85516f3dcd14f8af98b58220efcd, type: 3}
      propertyPath: m_LocalPosition.z
      value: 0
      objectReference: {fileID: 0}
    - target: {fileID: 400006, guid: 9cef85516f3dcd14f8af98b58220efcd, type: 3}
      propertyPath: m_LocalRotation.w
      value: 0.7071068
      objectReference: {fileID: 0}
    - target: {fileID: 400006, guid: 9cef85516f3dcd14f8af98b58220efcd, type: 3}
      propertyPath: m_LocalRotation.x
      value: 0
      objectReference: {fileID: 0}
    - target: {fileID: 400006, guid: 9cef85516f3dcd14f8af98b58220efcd, type: 3}
      propertyPath: m_LocalRotation.y
      value: 0
      objectReference: {fileID: 0}
    - target: {fileID: 400006, guid: 9cef85516f3dcd14f8af98b58220efcd, type: 3}
      propertyPath: m_LocalRotation.z
      value: 0.7071068
      objectReference: {fileID: 0}
    - target: {fileID: 400006, guid: 9cef85516f3dcd14f8af98b58220efcd, type: 3}
      propertyPath: m_LocalEulerAnglesHint.x
      value: 0
      objectReference: {fileID: 0}
    - target: {fileID: 400006, guid: 9cef85516f3dcd14f8af98b58220efcd, type: 3}
      propertyPath: m_LocalEulerAnglesHint.y
      value: 0
      objectReference: {fileID: 0}
    - target: {fileID: 400006, guid: 9cef85516f3dcd14f8af98b58220efcd, type: 3}
      propertyPath: m_LocalEulerAnglesHint.z
      value: 90
      objectReference: {fileID: 0}
    m_RemovedComponents: []
    m_RemovedGameObjects: []
    m_AddedGameObjects: []
    m_AddedComponents:
    - targetCorrespondingSourceObject: {fileID: 100024, guid: 9cef85516f3dcd14f8af98b58220efcd,
        type: 3}
      insertIndex: -1
      addedObject: {fileID: 7276526224331352597}
    - targetCorrespondingSourceObject: {fileID: 100026, guid: 9cef85516f3dcd14f8af98b58220efcd,
        type: 3}
      insertIndex: -1
      addedObject: {fileID: 7803610474855713448}
    - targetCorrespondingSourceObject: {fileID: 100000, guid: 9cef85516f3dcd14f8af98b58220efcd,
        type: 3}
      insertIndex: -1
      addedObject: {fileID: 7421561724494962267}
    - targetCorrespondingSourceObject: {fileID: 100028, guid: 9cef85516f3dcd14f8af98b58220efcd,
        type: 3}
      insertIndex: -1
      addedObject: {fileID: 7593278884536119080}
    - targetCorrespondingSourceObject: {fileID: 100030, guid: 9cef85516f3dcd14f8af98b58220efcd,
        type: 3}
      insertIndex: -1
      addedObject: {fileID: 6459988421721239749}
  m_SourcePrefab: {fileID: 100100000, guid: 9cef85516f3dcd14f8af98b58220efcd, type: 3}
--- !u!4 &6196879146423531161 stripped
Transform:
  m_CorrespondingSourceObject: {fileID: 400006, guid: 9cef85516f3dcd14f8af98b58220efcd,
    type: 3}
  m_PrefabInstance: {fileID: 6196879146423921695}
  m_PrefabAsset: {fileID: 0}
--- !u!1 &6196879146423823009 stripped
GameObject:
  m_CorrespondingSourceObject: {fileID: 100030, guid: 9cef85516f3dcd14f8af98b58220efcd,
    type: 3}
  m_PrefabInstance: {fileID: 6196879146423921695}
  m_PrefabAsset: {fileID: 0}
--- !u!64 &6459988421721239749
MeshCollider:
  m_ObjectHideFlags: 0
  m_CorrespondingSourceObject: {fileID: 0}
  m_PrefabInstance: {fileID: 0}
  m_PrefabAsset: {fileID: 0}
  m_GameObject: {fileID: 6196879146423823009}
  m_Material: {fileID: 0}
  m_IncludeLayers:
    serializedVersion: 2
    m_Bits: 0
  m_ExcludeLayers:
    serializedVersion: 2
    m_Bits: 0
  m_LayerOverridePriority: 0
  m_IsTrigger: 0
  m_ProvidesContacts: 0
  m_Enabled: 1
  serializedVersion: 5
  m_Convex: 0
  m_CookingOptions: 30
  m_Mesh: {fileID: 0}
--- !u!1 &6196879146423823011 stripped
GameObject:
  m_CorrespondingSourceObject: {fileID: 100028, guid: 9cef85516f3dcd14f8af98b58220efcd,
    type: 3}
  m_PrefabInstance: {fileID: 6196879146423921695}
  m_PrefabAsset: {fileID: 0}
--- !u!64 &7593278884536119080
MeshCollider:
  m_ObjectHideFlags: 0
  m_CorrespondingSourceObject: {fileID: 0}
  m_PrefabInstance: {fileID: 0}
  m_PrefabAsset: {fileID: 0}
  m_GameObject: {fileID: 6196879146423823011}
  m_Material: {fileID: 0}
  m_IncludeLayers:
    serializedVersion: 2
    m_Bits: 0
  m_ExcludeLayers:
    serializedVersion: 2
    m_Bits: 0
  m_LayerOverridePriority: 0
  m_IsTrigger: 0
  m_ProvidesContacts: 0
  m_Enabled: 1
  serializedVersion: 5
  m_Convex: 0
  m_CookingOptions: 30
  m_Mesh: {fileID: 0}
--- !u!1 &6196879146423823013 stripped
GameObject:
  m_CorrespondingSourceObject: {fileID: 100026, guid: 9cef85516f3dcd14f8af98b58220efcd,
    type: 3}
  m_PrefabInstance: {fileID: 6196879146423921695}
  m_PrefabAsset: {fileID: 0}
--- !u!64 &7803610474855713448
MeshCollider:
  m_ObjectHideFlags: 0
  m_CorrespondingSourceObject: {fileID: 0}
  m_PrefabInstance: {fileID: 0}
  m_PrefabAsset: {fileID: 0}
  m_GameObject: {fileID: 6196879146423823013}
  m_Material: {fileID: 0}
  m_IncludeLayers:
    serializedVersion: 2
    m_Bits: 0
  m_ExcludeLayers:
    serializedVersion: 2
    m_Bits: 0
  m_LayerOverridePriority: 0
  m_IsTrigger: 0
  m_ProvidesContacts: 0
  m_Enabled: 1
  serializedVersion: 5
  m_Convex: 0
  m_CookingOptions: 30
  m_Mesh: {fileID: 0}
--- !u!1 &6196879146423823015 stripped
GameObject:
  m_CorrespondingSourceObject: {fileID: 100024, guid: 9cef85516f3dcd14f8af98b58220efcd,
    type: 3}
  m_PrefabInstance: {fileID: 6196879146423921695}
  m_PrefabAsset: {fileID: 0}
--- !u!64 &7276526224331352597
MeshCollider:
  m_ObjectHideFlags: 0
  m_CorrespondingSourceObject: {fileID: 0}
  m_PrefabInstance: {fileID: 0}
  m_PrefabAsset: {fileID: 0}
  m_GameObject: {fileID: 6196879146423823015}
  m_Material: {fileID: 0}
  m_IncludeLayers:
    serializedVersion: 2
    m_Bits: 0
  m_ExcludeLayers:
    serializedVersion: 2
    m_Bits: 0
  m_LayerOverridePriority: 0
  m_IsTrigger: 0
  m_ProvidesContacts: 0
  m_Enabled: 1
  serializedVersion: 5
  m_Convex: 0
  m_CookingOptions: 30
  m_Mesh: {fileID: 0}
--- !u!1 &6196879146423823039 stripped
GameObject:
  m_CorrespondingSourceObject: {fileID: 100000, guid: 9cef85516f3dcd14f8af98b58220efcd,
    type: 3}
  m_PrefabInstance: {fileID: 6196879146423921695}
  m_PrefabAsset: {fileID: 0}
--- !u!64 &7421561724494962267
MeshCollider:
  m_ObjectHideFlags: 0
  m_CorrespondingSourceObject: {fileID: 0}
  m_PrefabInstance: {fileID: 0}
  m_PrefabAsset: {fileID: 0}
  m_GameObject: {fileID: 6196879146423823039}
  m_Material: {fileID: 0}
  m_IncludeLayers:
    serializedVersion: 2
    m_Bits: 0
  m_ExcludeLayers:
    serializedVersion: 2
    m_Bits: 0
  m_LayerOverridePriority: 0
  m_IsTrigger: 0
  m_ProvidesContacts: 0
  m_Enabled: 1
  serializedVersion: 5
  m_Convex: 0
  m_CookingOptions: 30
  m_Mesh: {fileID: 0}
